<?xml version="1.0" encoding="UTF-8"?>
<!DOCTYPE html PUBLIC "-//W3C//DTD XHTML 1.0 Transitional//EN"
    "http://www.w3.org/TR/xhtml1/DTD/xhtml1-transitional.dtd">
<html xmlns="http://www.w3.org/1999/xhtml" xml:lang="en" lang="en">
 <head>
  <title>
</title>
<meta http-equiv="Content-Type" content="text/html;charset=utf-8" />
  <meta name='ocr-system' content='tesseract 3.04.00' />
  <meta name='ocr-capabilities' content='ocr_page ocr_carea ocr_par ocr_line ocrx_word'/>
</head>
<body>
  <div class='ocr_page' id='page_1' title='image "4773751_0020.png"; bbox 0 0 2559 3225; ppageno 0'>
   <div class='ocr_carea' id='block_1_1' title="bbox 221 55 1501 141">
    <p class='ocr_par' dir='ltr' id='par_1_1' title="bbox 221 51 1501 141">
     <span class='ocr_line' id='line_1_1' title="bbox 221 55 1501 141; baseline -0.003 1"><span class='ocrx_word' id='word_1_1' title='bbox 221 95 260 131; x_wconf 50' lang='grc' dir='ltr'>ἵν’</span> <span class='ocrx_word' id='word_1_2' title='bbox 896 55 1501 141; x_wconf 23' lang='lat'>“³¹9&#39;‘-</span> 
     </span>
    </p>
   </div>
   <div class='ocr_carea' id='block_1_2' title="bbox 183 204 2326 1038">
    <p class='ocr_par' dir='ltr' id='par_1_2' title="bbox 183 204 2326 1038">
     <span class='ocr_line' id='line_1_2' title="bbox 200 204 2326 278; baseline -0.002 -12"><span class='ocrx_word' id='word_1_3' title='bbox 200 218 492 273; x_wconf 64' lang='lat' dir='ltr'>videretur,</span> <span class='ocrx_word' id='word_1_4' title='bbox 533 206 672 263; x_wconf 81' lang='lat' dir='ltr'>recte</span> <span class='ocrx_word' id='word_1_5' title='bbox 704 204 895 274; x_wconf 71' lang='lat' dir='ltr'>delevit</span> <span class='ocrx_word' id='word_1_6' title='bbox 918 208 1266 278; x_wconf 85' lang='lat' dir='ltr'>Heindorfius.</span> <span class='ocrx_word' id='word_1_7' title='bbox 1301 241 1304 245; x_wconf 63' lang='lat'>&gt;</span> <span class='ocrx_word' id='word_1_8' title='bbox 1357 213 1502 261; x_wconf 87' lang='lat' dir='ltr'><strong>Idem</strong></span> <span class='ocrx_word' id='word_1_9' title='bbox 1534 213 1879 268; x_wconf 78' lang='grc' dir='ltr'><em>ὑπουράνιον,</em></span> <span class='ocrx_word' id='word_1_10' title='bbox 1927 225 2127 262; x_wconf 85' lang='lat' dir='ltr'>retento</span> <span class='ocrx_word' id='word_1_11' title='bbox 2155 223 2326 262; x_wconf 72' lang='lat' dir='ltr'>tamen</span> 
     </span>
     <span class='ocr_line' id='line_1_3' title="bbox 194 282 2326 348; baseline -0 -17"><span class='ocrx_word' id='word_1_12' title='bbox 194 288 298 342; x_wconf 57' lang='grc' dir='ltr'>’ἐπ’ἐ,</span> <span class='ocrx_word' id='word_1_13' title='bbox 344 283 672 346; x_wconf 69' lang='lat' dir='ltr'>scribendum</span> <span class='ocrx_word' id='word_1_14' title='bbox 701 285 955 348; x_wconf 80' lang='lat' dir='ltr'>censebat,</span> <span class='ocrx_word' id='word_1_15' title='bbox 999 294 1170 332; x_wconf 87' lang='lat' dir='ltr'>motus</span> <span class='ocrx_word' id='word_1_16' title='bbox 1203 282 1497 337; x_wconf 88' lang='lat' dir='ltr'>auctoritate</span> <span class='ocrx_word' id='word_1_17' title='bbox 1540 283 1725 330; x_wconf 89' lang='lat' dir='ltr'>codicis</span> <span class='ocrx_word' id='word_1_18' title='bbox 1758 284 2184 343; x_wconf 77' lang='lat' dir='ltr'>vindobonensis,</span> <span class='ocrx_word' id='word_1_19' title='bbox 2236 285 2326 345; x_wconf 85' lang='lat' dir='ltr'>qui</span> 
     </span>
     <span class='ocr_line' id='line_1_4' title="bbox 201 350 2325 418; baseline -0.001 -16"><span class='ocrx_word' id='word_1_20' title='bbox 201 355 357 408; x_wconf 81' lang='lat' dir='ltr'>habet</span> <span class='ocrx_word' id='word_1_21' title='bbox 381 353 614 409; x_wconf 73' lang='grc' dir='ltr'><em>’ὑπότήν</em></span> <span class='ocrx_word' id='word_1_22' title='bbox 628 353 972 409; x_wconf 73' lang='grc' dir='ltr'><em>ὑπουράνῐαν,·</em></span> <span class='ocrx_word' id='word_1_23' title='bbox 1005 364 1058 401; x_wconf 88' lang='lat' dir='ltr'>et</span> <span class='ocrx_word' id='word_1_24' title='bbox 1084 350 1253 418; x_wconf 80' lang='lat' dir='ltr'>tnagis</span> <span class='ocrx_word' id='word_1_25' title='bbox 1281 354 1436 400; x_wconf 84' lang='lat' dir='ltr'>etiam</span> <span class='ocrx_word' id='word_1_26' title='bbox 1461 353 1645 409; x_wconf 90' lang='lat' dir='ltr'>Procli,</span> <span class='ocrx_word' id='word_1_27' title='bbox 1686 354 1774 413; x_wconf 87' lang='lat' dir='ltr'>qui</span> <span class='ocrx_word' id='word_1_28' title='bbox 1807 353 2123 416; x_wconf 82' lang='lat' dir='ltr'>Theologiae</span> <span class='ocrx_word' id='word_1_29' title='bbox 2157 355 2325 401; x_wconf 85' lang='lat' dir='ltr'>Plato-</span> 
     </span>
     <span class='ocr_line' id='line_1_5' title="bbox 201 418 2323 487; baseline -0.002 -15"><span class='ocrx_word' id='word_1_30' title='bbox 201 426 347 472; x_wconf 82' lang='lat' dir='ltr'>nicae</span> <span class='ocrx_word' id='word_1_31' title='bbox 374 423 490 470; x_wconf 86' lang='lat' dir='ltr'><strong>Lib.</strong></span> <span class='ocrx_word' id='word_1_32' title='bbox 511 423 594 472; x_wconf 79' lang='lat' dir='ltr'>IV.</span> <span class='ocrx_word' id='word_1_33' title='bbox 627 439 732 485; x_wconf 88' lang='lat' dir='ltr'>cap.</span> <span class='ocrx_word' id='word_1_34' title='bbox 758 438 806 487; x_wconf 76' lang='lat'>7.</span> <span class='ocrx_word' id='word_1_35' title='bbox 845 422 1042 469; x_wconf 83' lang='lat' dir='ltr'><strong>disertis</strong></span> <span class='ocrx_word' id='word_1_36' title='bbox 1074 423 1238 471; x_wconf 81' lang='lat' dir='ltr'>verbis</span> <span class='ocrx_word' id='word_1_37' title='bbox 1267 422 1504 478; x_wconf 84' lang='lat' dir='ltr'>affirmat,</span> <span class='ocrx_word' id='word_1_38' title='bbox 1542 418 1648 467; x_wconf 86' lang='lat' dir='ltr'>non</span> <span class='ocrx_word' id='word_1_39' title='bbox 1680 420 1923 475; x_wconf 88' lang='grc' dir='ltr'><em>ου’ράνιον</em></span> <span class='ocrx_word' id='word_1_40' title='bbox 1950 421 2133 469; x_wconf 84' lang='lat' dir='ltr'>dixisse</span> <span class='ocrx_word' id='word_1_41' title='bbox 2154 422 2323 469; x_wconf 88' lang='lat' dir='ltr'>Plato-</span> 
     </span>
     <span class='ocr_line' id='line_1_6' title="bbox 201 489 2320 551; baseline -0.001 -11"><span class='ocrx_word' id='word_1_42' title='bbox 201 503 321 540; x_wconf 78' lang='lat' dir='ltr'>nem</span> <span class='ocrx_word' id='word_1_43' title='bbox 336 489 486 537; x_wconf 82' lang='grc'>’1110111</span> <span class='ocrx_word' id='word_1_44' title='bbox 506 491 678 550; x_wconf 74' lang='grc' dir='ltr'><em>α’ψῐδα,</em></span> <span class='ocrx_word' id='word_1_45' title='bbox 716 491 802 539; x_wconf 88' lang='lat' dir='ltr'>sed</span> <span class='ocrx_word' id='word_1_46' title='bbox 833 490 1171 546; x_wconf 56' lang='grc' dir='ltr'><em>ὑπουράνωκ</em></span> <span class='ocrx_word' id='word_1_47' title='bbox 1233 492 1313 539; x_wconf 93' lang='grc' dir='ltr'>Ηο</span> <span class='ocrx_word' id='word_1_48' title='bbox 1332 490 1519 537; x_wconf 87' lang='lat' dir='ltr'>ndorfii</span> <span class='ocrx_word' id='word_1_49' title='bbox 1537 491 1789 538; x_wconf 86' lang='lat' dir='ltr'>rationem</span> <span class='ocrx_word' id='word_1_50' title='bbox 1809 492 2112 551; x_wconf 81' lang='lat' dir='ltr'><strong>probaverat</strong></span> <span class='ocrx_word' id='word_1_51' title='bbox 2130 492 2320 547; x_wconf 79' lang='lat' dir='ltr'>Astius,</span> 
     </span>
     <span class='ocr_line' id='line_1_7' title="bbox 183 557 2324 621; baseline -0.002 -15"><span class='ocrx_word' id='word_1_52' title='bbox 183 563 252 616; x_wconf 55' lang='lat' dir='ltr'>„et</span> <span class='ocrx_word' id='word_1_53' title='bbox 267 569 462 611; x_wconf 63' lang='lat' dir='ltr'>mutata</span> <span class='ocrx_word' id='word_1_54' title='bbox 482 571 683 607; x_wconf 83' lang='lat' dir='ltr'>tantum</span> <span class='ocrx_word' id='word_1_55' title='bbox 702 560 1403 621; x_wconf 80' lang='lat' dir='ltr'>membrorum-dispositione</span> <span class='ocrx_word' id='word_1_56' title='bbox 1426 558 1695 619; x_wconf 82' lang='lat' dir='ltr'>scripserat</span> <span class='ocrx_word' id='word_1_57' title='bbox 1718 558 1844 603; x_wconf 86' lang='grc' dir='ltr'><em>ὅταν</em></span> <span class='ocrx_word' id='word_1_58' title='bbox 1861 585 1932 594; x_wconf 88' lang='lat'>—-</span> <span class='ocrx_word' id='word_1_59' title='bbox 1953 563 2110 613; x_wconf 75' lang='grc' dir='ltr'><em>ἴωσιν,</em></span> <span class='ocrx_word' id='word_1_60' title='bbox 2149 557 2324 614; x_wconf 79' lang='grc' dir='ltr'><em>α’κραν</em></span> 
     </span>
     <span class='ocr_line' id='line_1_8' title="bbox 189 622 2319 685; baseline -0 -12"><span class='ocrx_word' id='word_1_61' title='bbox 189 622 283 685; x_wconf 60' lang='lat' dir='ltr'>¹&amp;fi</span> <span class='ocrx_word' id='word_1_62' title='bbox 320 627 414 684; x_wconf 78' lang='grc' dir='ltr'><em>τήν</em></span> <span class='ocrx_word' id='word_1_63' title='bbox 460 627 781 685; x_wconf 74' lang='grc' dir='ltr'><em>ὑπουράνιον·</em></span> <span class='ocrx_word' id='word_1_64' title='bbox 823 628 990 683; x_wconf 71' lang='grc' dir='ltr'><em>ἁψῖδα,</em></span> <span class='ocrx_word' id='word_1_65' title='bbox 1049 627 1355 684; x_wconf 70' lang='grc' dir='ltr'><em>πορεύονται</em></span> <span class='ocrx_word' id='word_1_66' title='bbox 1400 625 1527 681; x_wconf 82' lang='grc' dir='ltr'>πρός</span> <span class='ocrx_word' id='word_1_67' title='bbox 1570 626 1782 670; x_wconf 79' lang='grc' dir='ltr'><em>ἄναντες</em></span> <span class='ocrx_word' id='word_1_68' title='bbox 1825 625 1940 682; x_wconf 82' lang='grc' dir='ltr'>ἤδη·</span> <span class='ocrx_word' id='word_1_69' title='bbox 1989 629 2053 669; x_wconf 68' lang='grc' dir='ltr'>τᾶ</span> <span class='ocrx_word' id='word_1_70' title='bbox 2093 625 2188 680; x_wconf 81' lang='grc' dir='ltr'><em>μὲν</em></span> <span class='ocrx_word' id='word_1_71' title='bbox 2223 637 2319 672; x_wconf 90' lang='lat' dir='ltr'>etc.</span> 
     </span>
     <span class='ocr_line' id='line_1_9' title="bbox 198 694 2323 760; baseline -0.003 -15"><span class='ocrx_word' id='word_1_72' title='bbox 198 694 399 760; x_wconf 83' lang='lat' dir='ltr'>Deinde</span> <span class='ocrx_word' id='word_1_73' title='bbox 424 698 487 743; x_wconf 89' lang='lat' dir='ltr'>ad</span> <span class='ocrx_word' id='word_1_74' title='bbox 509 700 718 745; x_wconf 83' lang='lat' dir='ltr'>alteram</span> <span class='ocrx_word' id='word_1_75' title='bbox 740 696 1016 744; x_wconf 70' lang='lat' dir='ltr'>lectionem</span> <span class='ocrx_word' id='word_1_76' title='bbox 1032 715 1262 745; x_wconf 75' lang='lat' dir='ltr'>reversus</span> <span class='ocrx_word' id='word_1_77' title='bbox 1281 697 1381 742; x_wconf 84' lang='grc' dir='ltr'><em>υπό</em></span> <span class='ocrx_word' id='word_1_78' title='bbox 1402 700 1495 752; x_wconf 82' lang='grc' dir='ltr'><em>τήν</em></span> <span class='ocrx_word' id='word_1_79' title='bbox 1515 696 1762 750; x_wconf 77' lang='grc' dir='ltr'><em>οὐράνιον</em></span> <span class='ocrx_word' id='word_1_80' title='bbox 1782 698 1866 743; x_wconf 85' lang='lat' dir='ltr'>vel</span> <span class='ocrx_word' id='word_1_81' title='bbox 1887 695 2142 749; x_wconf 73' lang='lat' dir='ltr'>av&#39;poeriar</span> <span class='ocrx_word' id='word_1_82' title='bbox 2164 696 2323 748; x_wconf 78' lang='grc' dir='ltr'><em>α’φῐδα</em></span> 
     </span>
     <span class='ocr_line' id='line_1_10' title="bbox 201 760 2320 830; baseline -0.001 -17"><span class='ocrx_word' id='word_1_83' title='bbox 201 770 380 819; x_wconf 79' lang='lat' dir='ltr'>verum</span> <span class='ocrx_word' id='word_1_84' title='bbox 401 768 624 830; x_wconf 81' lang='lat' dir='ltr'>agnovit.</span> <span class='ocrx_word' id='word_1_85' title='bbox 694 770 766 816; x_wconf 86' lang='lat' dir='ltr'>Ac</span> <span class='ocrx_word' id='word_1_86' title='bbox 787 767 954 816; x_wconf 86' lang='lat' dir='ltr'>Procli</span> <span class='ocrx_word' id='word_1_87' title='bbox 973 760 1181 830; x_wconf 86' lang='lat' dir='ltr'>quidem</span> <span class='ocrx_word' id='word_1_88' title='bbox 1201 766 1471 815; x_wconf 85' lang='lat' dir='ltr'>auctoritas</span> <span class='ocrx_word' id='word_1_89' title='bbox 1491 766 1585 813; x_wconf 88' lang='lat' dir='ltr'>hac</span> <span class='ocrx_word' id='word_1_90' title='bbox 1607 767 1660 813; x_wconf 87' lang='lat' dir='ltr'>in</span> <span class='ocrx_word' id='word_1_91' title='bbox 1670 783 1737 820; x_wconf 63' lang='lat' dir='ltr'>re</span> <span class='ocrx_word' id='word_1_92' title='bbox 1764 765 1914 813; x_wconf 85' lang='lat' dir='ltr'>flocci</span> <span class='ocrx_word' id='word_1_93' title='bbox 1946 780 2052 812; x_wconf 89' lang='lat' dir='ltr'>non</span> <span class='ocrx_word' id='word_1_94' title='bbox 2072 763 2320 823; x_wconf 79' lang='lat' dir='ltr'>facienda,</span> 
     </span>
     <span class='ocr_line' id='line_1_11' title="bbox 190 835 2321 901; baseline -0 -21"><span class='ocrx_word' id='word_1_95' title='bbox 190 835 290 897; x_wconf 50' lang='grc' dir='ltr'>ν11111</span> <span class='ocrx_word' id='word_1_96' title='bbox 321 850 483 897; x_wconf 87' lang='lat' dir='ltr'>quum</span> <span class='ocrx_word' id='word_1_97' title='bbox 513 835 708 882; x_wconf 85' lang='lat' dir='ltr'>videret</span> <span class='ocrx_word' id='word_1_98' title='bbox 733 835 1060 890; x_wconf 79' lang='grc' dir='ltr'><em>’ὑπουράνιον</em></span> <span class='ocrx_word' id='word_1_99' title='bbox 1096 838 1395 901; x_wconf 82' lang='lat' dir='ltr'>allegoricae</span> <span class='ocrx_word' id='word_1_100' title='bbox 1433 850 1552 881; x_wconf 87' lang='lat' dir='ltr'>suae</span> <span class='ocrx_word' id='word_1_101' title='bbox 1593 837 1745 881; x_wconf 87' lang='lat' dir='ltr'>huius</span> <span class='ocrx_word' id='word_1_102' title='bbox 1776 835 1877 881; x_wconf 93' lang='lat' dir='ltr'>loci</span> <span class='ocrx_word' id='word_1_103' title='bbox 1905 835 2321 895; x_wconf 79' lang='lat' dir='ltr'>interpretationi</span> 
     </span>
     <span class='ocr_line' id='line_1_12' title="bbox 193 902 2321 982; baseline -0 -31"><span class='ocrx_word' id='word_1_104' title='bbox 193 906 430 968; x_wconf 54' lang='lat' dir='ltr'>*apprime</span> <span class='ocrx_word' id='word_1_105' title='bbox 462 908 753 965; x_wconf 72' lang='lat' dir='ltr'>convenire,</span> <span class='ocrx_word' id='word_1_106' title='bbox 791 918 842 953; x_wconf 90' lang='lat' dir='ltr'>et</span> <span class='ocrx_word' id='word_1_107' title='bbox 873 907 1044 955; x_wconf 84' lang='lat' dir='ltr'>omnia</span> <span class='ocrx_word' id='word_1_108' title='bbox 1072 907 1264 969; x_wconf 83' lang='lat' dir='ltr'>optime</span> <span class='ocrx_word' id='word_1_109' title='bbox 1294 904 1589 982; x_wconf 80' lang='lat' dir='ltr'>procedere,</span> <span class='ocrx_word' id='word_1_110' title='bbox 1637 905 1682 952; x_wconf 89' lang='lat' dir='ltr'>si</span> <span class='ocrx_word' id='word_1_111' title='bbox 1710 902 1930 957; x_wconf 82' lang='grc' dir='ltr'><em>ου’ρανός</em></span> <span class='ocrx_word' id='word_1_112' title='bbox 1958 902 2157 952; x_wconf 88' lang='lat' dir='ltr'>medius</span> <span class='ocrx_word' id='word_1_113' title='bbox 2187 911 2321 952; x_wconf 89' lang='lat' dir='ltr'>esset</span> 
     </span>
     <span class='ocr_line' id='line_1_13' title="bbox 189 972 2321 1038; baseline -0.001 -19"><span class='ocrx_word' id='word_1_114' title='bbox 189 972 334 1025; x_wconf 68' lang='lat' dir='ltr'>inter</span> <span class='ocrx_word' id='word_1_115' title='bbox 352 973 528 1020; x_wconf 85' lang='lat' dir='ltr'>locum</span> <span class='ocrx_word' id='word_1_116' title='bbox 553 972 936 1030; x_wconf 83' lang='grc' dir='ltr'><em>ὑπερουράνιον</em></span> <span class='ocrx_word' id='word_1_117' title='bbox 962 985 1014 1023; x_wconf 86' lang='lat' dir='ltr'>et</span> <span class='ocrx_word' id='word_1_118' title='bbox 1042 975 1374 1032; x_wconf 81' lang='grc' dir='ltr'><em>ὑπουράνιον,</em></span> <span class='ocrx_word' id='word_1_119' title='bbox 1413 974 1538 1035; x_wconf 89' lang='lat' dir='ltr'>quin</span> <span class='ocrx_word' id='word_1_120' title='bbox 1556 974 1778 1038; x_wconf 86' lang='lat' dir='ltr'>genuina</span> <span class='ocrx_word' id='word_1_121' title='bbox 1804 982 1935 1021; x_wconf 85' lang='lat' dir='ltr'>esset</span> <span class='ocrx_word' id='word_1_122' title='bbox 1962 974 2113 1019; x_wconf 89' lang='lat' dir='ltr'>lectio</span> <span class='ocrx_word' id='word_1_123' title='bbox 2143 972 2321 1018; x_wconf 85' lang='lat' dir='ltr'>nullus</span> 
     </span>
    </p>
   </div>
   <div class='ocr_carea' id='block_1_3' title="bbox 116 1040 2327 1106">
    <p class='ocr_par' dir='ltr' id='par_1_3' title="bbox 116 1040 2327 1106">
     <span class='ocr_line' id='line_1_14' title="bbox 116 1040 2327 1106; baseline 0 -20"><span class='ocrx_word' id='word_1_124' title='bbox 116 1086 120 1090; x_wconf 67' lang='grc'><em>,</em></span> <span class='ocrx_word' id='word_1_125' title='bbox 187 1040 454 1100; x_wconf 78' lang='lat' dir='ltr'>dubitans,</span> <span class='ocrx_word' id='word_1_126' title='bbox 492 1053 580 1087; x_wconf 90' lang='lat' dir='ltr'>aut</span> <span class='ocrx_word' id='word_1_127' title='bbox 605 1044 661 1087; x_wconf 91' lang='lat' dir='ltr'>in</span> <span class='ocrx_word' id='word_1_128' title='bbox 686 1044 796 1090; x_wconf 85' lang='lat' dir='ltr'>aliis</span> <span class='ocrx_word' id='word_1_129' title='bbox 827 1045 1086 1092; x_wconf 84' lang='lat' dir='ltr'>codicibus</span> <span class='ocrx_word' id='word_1_130' title='bbox 1113 1047 1262 1091; x_wconf 88' lang='lat' dir='ltr'>aliter</span> <span class='ocrx_word' id='word_1_131' title='bbox 1289 1045 1393 1106; x_wconf 81' lang='lat' dir='ltr'>legi</span> <span class='ocrx_word' id='word_1_132' title='bbox 1422 1045 1664 1105; x_wconf 86' lang='lat' dir='ltr'>ignorans</span> <span class='ocrx_word' id='word_1_133' title='bbox 1695 1040 2016 1095; x_wconf 83' lang='grc' dir='ltr'><em>ὑπουράνιον</em></span> <span class='ocrx_word' id='word_1_134' title='bbox 2044 1058 2072 1087; x_wconf 89' lang='lat' dir='ltr'>a</span> <span class='ocrx_word' id='word_1_135' title='bbox 2110 1042 2327 1088; x_wconf 59' lang='lat' dir='ltr'>Platone&gt;</span> 
     </span>
    </p>
   </div>
   <div class='ocr_carea' id='block_1_4' title="bbox 129 1107 2383 2878">
    <p class='ocr_par' dir='ltr' id='par_1_4' title="bbox 129 1107 2383 2878">
     <span class='ocr_line' id='line_1_15' title="bbox 183 1107 2319 1175; baseline -0 -19"><span class='ocrx_word' id='word_1_136' title='bbox 183 1109 444 1172; x_wconf 73' lang='lat' dir='ltr'>¹¹scriptum</span> <span class='ocrx_word' id='word_1_137' title='bbox 476 1121 669 1160; x_wconf 87' lang='lat' dir='ltr'>temere</span> <span class='ocrx_word' id='word_1_138' title='bbox 694 1113 1058 1175; x_wconf 81' lang='lat' dir='ltr'>pronuntiavit.</span> <span class='ocrx_word' id='word_1_139' title='bbox 1103 1113 1289 1162; x_wconf 84' lang='lat' dir='ltr'>-Ide&#39;m</span> <span class='ocrx_word' id='word_1_140' title='bbox 1321 1111 1384 1160; x_wconf 90' lang='lat' dir='ltr'>de</span> <span class='ocrx_word' id='word_1_141' title='bbox 1406 1110 1693 1159; x_wconf 84' lang='lat' dir='ltr'>Iamblicho</span> <span class='ocrx_word' id='word_1_142' title='bbox 1731 1121 1782 1159; x_wconf 92' lang='lat' dir='ltr'>et</span> <span class='ocrx_word' id='word_1_143' title='bbox 1815 1109 1878 1158; x_wconf 89' lang='lat' dir='ltr'>de</span> <span class='ocrx_word' id='word_1_144' title='bbox 1906 1108 2117 1171; x_wconf 87' lang='lat' dir='ltr'>reliquis</span> <span class='ocrx_word' id='word_1_145' title='bbox 2149 1107 2319 1156; x_wconf 86' lang='lat' dir='ltr'>dicen-</span> 
     </span>
     <span class='ocr_line' id='line_1_16' title="bbox 192 1177 2315 1243; baseline -0.002 -17.991"><span class='ocrx_word' id='word_1_146' title='bbox 192 1177 339 1243; x_wconf 84' lang='lat' dir='ltr'>dum,</span> <span class='ocrx_word' id='word_1_147' title='bbox 380 1193 506 1240; x_wconf 88' lang='lat' dir='ltr'>quos</span> <span class='ocrx_word' id='word_1_148' title='bbox 535 1182 743 1227; x_wconf 88' lang='lat' dir='ltr'>Proclus</span> <span class='ocrx_word' id='word_1_149' title='bbox 771 1196 821 1243; x_wconf 85' lang='lat' dir='ltr'>p.</span> <span class='ocrx_word' id='word_1_150' title='bbox 848 1194 947 1243; x_wconf 86' lang='lat'>215</span> <span class='ocrx_word' id='word_1_151' title='bbox 975 1193 1207 1230; x_wconf 88' lang='lat' dir='ltr'>secutum</span> <span class='ocrx_word' id='word_1_152' title='bbox 1236 1197 1346 1230; x_wconf 79' lang='lat' dir='ltr'>sese</span> <span class='ocrx_word' id='word_1_153' title='bbox 1375 1182 1575 1239; x_wconf 79' lang='lat' dir='ltr'>scribit,</span> <span class='ocrx_word' id='word_1_154' title='bbox 1617 1181 1802 1240; x_wconf 87' lang='lat' dir='ltr'>quibus</span> <span class='ocrx_word' id='word_1_155' title='bbox 1838 1179 2033 1225; x_wconf 84' lang='lat' dir='ltr'>accedit</span> <span class='ocrx_word' id='word_1_156' title='bbox 2060 1179 2315 1233; x_wconf 86' lang='lat' dir='ltr'>Hermias,</span> 
     </span>
     <span class='ocr_line' id='line_1_17' title="bbox 198 1245 2317 1315; baseline 0 -23"><span class='ocrx_word' id='word_1_157' title='bbox 198 1248 289 1305; x_wconf 79' lang='lat' dir='ltr'>qui</span> <span class='ocrx_word' id='word_1_158' title='bbox 307 1258 363 1293; x_wconf 82' lang='lat' dir='ltr'>et</span> <span class='ocrx_word' id='word_1_159' title='bbox 374 1249 486 1308; x_wconf 90' lang='lat' dir='ltr'>ipse</span> <span class='ocrx_word' id='word_1_160' title='bbox 504 1258 644 1294; x_wconf 79' lang='lat' dir='ltr'>totus</span> <span class='ocrx_word' id='word_1_161' title='bbox 665 1251 721 1295; x_wconf 86' lang='lat' dir='ltr'>in</span> <span class='ocrx_word' id='word_1_162' title='bbox 741 1252 1011 1315; x_wconf 82' lang='lat' dir='ltr'>allegorica</span> <span class='ocrx_word' id='word_1_163' title='bbox 1028 1252 1363 1298; x_wconf 85' lang='lat' dir='ltr'>hariolatione</span> <span class='ocrx_word' id='word_1_164' title='bbox 1382 1254 1473 1297; x_wconf 85' lang='lat' dir='ltr'>est.</span> <span class='ocrx_word' id='word_1_165' title='bbox 1543 1252 1867 1310; x_wconf 80' lang='lat' dir='ltr'><strong>Quamquam</strong></span> <span class='ocrx_word' id='word_1_166' title='bbox 1890 1247 1952 1294; x_wconf 91' lang='lat' dir='ltr'>de</span> <span class='ocrx_word' id='word_1_167' title='bbox 1971 1248 2069 1294; x_wconf 90' lang='grc'>1100</span> <span class='ocrx_word' id='word_1_168' title='bbox 2097 1245 2317 1294; x_wconf 69' lang='lat' dir='ltr'>dubitari</span> 
     </span>
     <span class='ocr_line' id='line_1_18' title="bbox 185 1313 2318 1379; baseline -0.002 -18"><span class='ocrx_word' id='word_1_169' title='bbox 185 1325 404 1376; x_wconf 78' lang='lat' dir='ltr'>potest,</span> <span class='ocrx_word' id='word_1_170' title='bbox 415 1328 536 1363; x_wconf 85' lang='lat' dir='ltr'>nam</span> <span class='ocrx_word' id='word_1_171' title='bbox 564 1313 614 1379; x_wconf 88' lang='lat' dir='ltr'>p.</span> <span class='ocrx_word' id='word_1_172' title='bbox 636 1327 737 1377; x_wconf 72' lang='lat'>138</span> <span class='ocrx_word' id='word_1_173' title='bbox 769 1319 894 1367; x_wconf 88' lang='lat' dir='ltr'>haec</span> <span class='ocrx_word' id='word_1_174' title='bbox 915 1320 1097 1368; x_wconf 78' lang='lat' dir='ltr'>habetz&#39;</span> <span class='ocrx_word' id='word_1_175' title='bbox 1152 1322 1212 1365; x_wconf 83' lang='grc' dir='ltr'><em>τό</em></span> <span class='ocrx_word' id='word_1_176' title='bbox 1232 1317 1285 1363; x_wconf 82' lang='grc' dir='ltr'>δὲ</span> <span class='ocrx_word' id='word_1_177' title='bbox 1306 1317 1475 1372; x_wconf 75' lang='grc' dir='ltr'><em>ἄκραν</em></span> <span class='ocrx_word' id='word_1_178' title='bbox 1497 1333 1529 1361; x_wconf 90' lang='grc' dir='ltr'><em>υ</em></span> <span class='ocrx_word' id='word_1_179' title='bbox 1545 1316 1608 1360; x_wconf 73' lang='lat' dir='ltr'>nd</span> <span class='ocrx_word' id='word_1_180' title='bbox 1630 1316 1724 1373; x_wconf 85' lang='grc' dir='ltr'><em>την</em></span> <span class='ocrx_word' id='word_1_181' title='bbox 1747 1314 1994 1372; x_wconf 67' lang='grc' dir='ltr'><em>οὐράνιον</em></span> <span class='ocrx_word' id='word_1_182' title='bbox 2010 1315 2165 1368; x_wconf 76' lang='grc' dir='ltr'><em>α’ψιδα</em></span> <span class='ocrx_word' id='word_1_183' title='bbox 2184 1315 2318 1372; x_wconf 77' lang='grc' dir='ltr'><em>λέγει</em></span> 
     </span>
     <span class='ocr_line' id='line_1_19' title="bbox 182 1378 2316 1444; baseline 0 -19"><span class='ocrx_word' id='word_1_184' title='bbox 182 1381 296 1427; x_wconf 36' lang='grc' dir='ltr'><em>’τᾰςῑ</em></span> <span class='ocrx_word' id='word_1_185' title='bbox 311 1388 565 1440; x_wconf 73' lang='grc' dir='ltr'><em>προςεχώς</em></span> <span class='ocrx_word' id='word_1_186' title='bbox 591 1378 872 1441; x_wconf 73' lang='grc' dir='ltr'><em>ἐξημμὲνας</em></span> <span class='ocrx_word' id='word_1_187' title='bbox 900 1392 989 1432; x_wconf 79' lang='grc' dir='ltr'><em>τοῦ</em></span> <span class='ocrx_word' id='word_1_188' title='bbox 1023 1388 1258 1444; x_wconf 81' lang='grc' dir='ltr'><em>οὐρανοῦ</em></span> <span class='ocrx_word' id='word_1_189' title='bbox 1283 1386 1450 1434; x_wconf 72' lang='grc' dir='ltr'><em>τάξεις</em></span> <span class='ocrx_word' id='word_1_190' title='bbox 1480 1390 1587 1429; x_wconf 77' lang='grc' dir='ltr'><em>τῶν</em></span> <span class='ocrx_word' id='word_1_191' title='bbox 1616 1389 1766 1440; x_wconf 67' lang='grc' dir='ltr'><em>θεῶν,</em></span> <span class='ocrx_word' id='word_1_192' title='bbox 1816 1385 1850 1441; x_wconf 87' lang='grc' dir='ltr'><em>ἤ</em></span> <span class='ocrx_word' id='word_1_193' title='bbox 1878 1396 2019 1428; x_wconf 85' lang='grc' dir='ltr'><em>τινας</em></span> <span class='ocrx_word' id='word_1_194' title='bbox 2050 1383 2207 1427; x_wconf 78' lang='grc' dir='ltr'><em>ἄλλας</em></span> <span class='ocrx_word' id='word_1_195' title='bbox 2233 1398 2316 1438; x_wconf 77' lang='grc' dir='ltr'>με·</span> 
     </span>
     <span class='ocr_line' id='line_1_20' title="bbox 186 1450 2315 1516; baseline 0.002 -24"><span class='ocrx_word' id='word_1_196' title='bbox 186 1453 325 1513; x_wconf 68' lang='grc' dir='ltr'><em>τάξι)</em></span> <span class='ocrx_word' id='word_1_197' title='bbox 364 1453 605 1503; x_wconf 70' lang='grc' dir='ltr'><em>Οὐρανοῦ</em></span> <span class='ocrx_word' id='word_1_198' title='bbox 631 1456 720 1498; x_wconf 73' lang='grc' dir='ltr'>καὶ</span> <span class='ocrx_word' id='word_1_199' title='bbox 742 1451 964 1507; x_wconf 86' lang='grc' dir='ltr'><em>Κρόνου.</em></span> <span class='ocrx_word' id='word_1_200' title='bbox 1049 1455 1238 1502; x_wconf 85' lang='lat' dir='ltr'>Contra</span> <span class='ocrx_word' id='word_1_201' title='bbox 1266 1472 1325 1516; x_wconf 88' lang='grc' dir='ltr'>Ρ.</span> <span class='ocrx_word' id='word_1_202' title='bbox 1354 1464 1475 1516; x_wconf 83' lang='lat'>139:</span> <span class='ocrx_word' id='word_1_203' title='bbox 1532 1455 1624 1499; x_wconf 79' lang='grc' dir='ltr'><em>δύο</em></span> <span class='ocrx_word' id='word_1_204' title='bbox 1659 1453 1828 1499; x_wconf 82' lang='grc' dir='ltr'><em>ὄντων</em></span> <span class='ocrx_word' id='word_1_205' title='bbox 1856 1452 2047 1509; x_wconf 78' lang='grc' dir='ltr'><em>ἄκρων,</em></span> <span class='ocrx_word' id='word_1_206' title='bbox 2097 1456 2192 1499; x_wconf 87' lang='grc' dir='ltr'><em>τοὺ</em></span> <span class='ocrx_word' id='word_1_207' title='bbox 2219 1450 2315 1508; x_wconf 81' lang='grc' dir='ltr'><em>μὲν</em></span> 
     </span>
     <span class='ocr_line' id='line_1_21' title="bbox 196 1508 2315 1584; baseline 0.002 -25"><span class='ocrx_word' id='word_1_208' title='bbox 196 1508 324 1569; x_wconf 59' lang='lat' dir='ltr'>apae</span> <span class='ocrx_word' id='word_1_209' title='bbox 340 1519 401 1575; x_wconf 77' lang='grc' dir='ltr'>τῇ</span> <span class='ocrx_word' id='word_1_210' title='bbox 424 1520 570 1576; x_wconf 72' lang='grc' dir='ltr'><em>κοίλῃ</em></span> <span class='ocrx_word' id='word_1_211' title='bbox 587 1524 897 1584; x_wconf 77' lang='grc' dir='ltr'>περιφερείᾳ,</span> <span class='ocrx_word' id='word_1_212' title='bbox 937 1524 1030 1566; x_wconf 76' lang='grc' dir='ltr'><em>τοῦ</em></span> <span class='ocrx_word' id='word_1_213' title='bbox 1048 1520 1101 1565; x_wconf 79' lang='grc' dir='ltr'>δὲ</span> <span class='ocrx_word' id='word_1_214' title='bbox 1122 1522 1257 1577; x_wconf 82' lang='grc' dir='ltr'>πρός</span> <span class='ocrx_word' id='word_1_215' title='bbox 1268 1527 1328 1581; x_wconf 71' lang='grc' dir='ltr'>τῇ</span> <span class='ocrx_word' id='word_1_216' title='bbox 1349 1525 1529 1581; x_wconf 76' lang='grc' dir='ltr'><em>κυρτῇ,</em></span> <span class='ocrx_word' id='word_1_217' title='bbox 1570 1520 1653 1566; x_wconf 78' lang='grc' dir='ltr'>ὅτε</span> <span class='ocrx_word' id='word_1_218' title='bbox 1669 1521 1763 1578; x_wconf 77' lang='grc' dir='ltr'><em>μὲν</em></span> <span class='ocrx_word' id='word_1_219' title='bbox 1793 1525 1929 1580; x_wconf 83' lang='grc' dir='ltr'>ἔλεγε</span> <span class='ocrx_word' id='word_1_220' title='bbox 1963 1524 2057 1577; x_wconf 75' lang='grc' dir='ltr'><em>τήν</em></span> <span class='ocrx_word' id='word_1_221' title='bbox 2086 1520 2315 1576; x_wconf 85' lang='grc' dir='ltr'><em>ὑπουρά-</em></span> 
     </span>
     <span class='ocr_line' id='line_1_22' title="bbox 183 1585 2313 1645; baseline 0.005 -20"><span class='ocrx_word' id='word_1_222' title='bbox 183 1598 309 1627; x_wconf 70' lang='grc' dir='ltr'><em>νιον</em></span> <span class='ocrx_word' id='word_1_223' title='bbox 327 1585 495 1639; x_wconf 71' lang='grc' dir='ltr'><em>α’ψὶδα,</em></span> <span class='ocrx_word' id='word_1_224' title='bbox 525 1586 630 1643; x_wconf 74' lang='grc' dir='ltr'><em>την</em></span> <span class='ocrx_word' id='word_1_225' title='bbox 647 1589 828 1643; x_wconf 71' lang='grc' dir='ltr'><em>κοίλην</em></span> <span class='ocrx_word' id='word_1_226' title='bbox 848 1592 1179 1644; x_wconf 73' lang='grc' dir='ltr'><em>ἐνεδείκνυτο,</em></span> <span class='ocrx_word' id='word_1_227' title='bbox 1210 1593 1452 1640; x_wconf 78' lang='grc' dir='ltr'><em>τουτέστι,</em></span> <span class='ocrx_word' id='word_1_228' title='bbox 1487 1592 1608 1634; x_wconf 89' lang='grc' dir='ltr'>τοὺς</span> <span class='ocrx_word' id='word_1_229' title='bbox 1624 1594 1873 1645; x_wconf 78' lang='grc' dir='ltr'><em>προςεχώς</em></span> <span class='ocrx_word' id='word_1_230' title='bbox 1893 1591 2201 1644; x_wconf 68' lang='grc' dir='ltr'><em>ἐξημμένους</em></span> <span class='ocrx_word' id='word_1_231' title='bbox 2218 1593 2313 1635; x_wconf 85' lang='grc' dir='ltr'><em>τοὺ</em></span> 
     </span>
     <span class='ocr_line' id='line_1_23' title="bbox 183 1650 2312 1715; baseline 0.005 -20"><span class='ocrx_word' id='word_1_232' title='bbox 183 1650 441 1707; x_wconf 67' lang='grc' dir='ltr'><em>Ὀὐρανοῦ</em></span> <span class='ocrx_word' id='word_1_233' title='bbox 470 1655 644 1700; x_wconf 65' lang='grc' dir='ltr'>θεοὺς·</span> <span class='ocrx_word' id='word_1_234' title='bbox 684 1659 785 1700; x_wconf 82' lang='grc' dir='ltr'>νῦν</span> <span class='ocrx_word' id='word_1_235' title='bbox 809 1655 862 1702; x_wconf 73' lang='grc' dir='ltr'>δὲ</span> <span class='ocrx_word' id='word_1_236' title='bbox 888 1661 948 1703; x_wconf 87' lang='grc' dir='ltr'><em>το</em></span> <span class='ocrx_word' id='word_1_237' title='bbox 974 1659 1077 1707; x_wconf 72' lang='grc' dir='ltr'>’ἔξω</span> <span class='ocrx_word' id='word_1_238' title='bbox 1107 1662 1194 1703; x_wconf 77' lang='grc' dir='ltr'>καὶ</span> <span class='ocrx_word' id='word_1_239' title='bbox 1222 1674 1281 1704; x_wconf 86' lang='grc' dir='ltr'><em>το</em></span> <span class='ocrx_word' id='word_1_240' title='bbox 1311 1662 1478 1703; x_wconf 77' lang='grc' dir='ltr'><em>νῶτον</em></span> <span class='ocrx_word' id='word_1_241' title='bbox 1511 1675 1605 1715; x_wconf 90' lang='grc' dir='ltr'><em>την</em></span> <span class='ocrx_word' id='word_1_242' title='bbox 1635 1661 1836 1714; x_wconf 80' lang='grc' dir='ltr'><em>κυρτήν</em></span> <span class='ocrx_word' id='word_1_243' title='bbox 1861 1661 2010 1704; x_wconf 78' lang='grc' dir='ltr'><em>εἶπεν.</em></span> <span class='ocrx_word' id='word_1_244' title='bbox 2085 1658 2185 1705; x_wconf 86' lang='lat' dir='ltr'>Sed</span> <span class='ocrx_word' id='word_1_245' title='bbox 2215 1659 2312 1705; x_wconf 87' lang='lat' dir='ltr'>hos</span> 
     </span>
     <span class='ocr_line' id='line_1_24' title="bbox 194 1719 2311 1805; baseline 0.004 -42"><span class='ocrx_word' id='word_1_246' title='bbox 194 1719 481 1781; x_wconf 86' lang='lat' dir='ltr'>mittamus,</span> <span class='ocrx_word' id='word_1_247' title='bbox 528 1724 683 1783; x_wconf 86' lang='lat' dir='ltr'>etiam</span> <span class='ocrx_word' id='word_1_248' title='bbox 714 1724 838 1770; x_wconf 90' lang='lat' dir='ltr'>alibi</span> <span class='ocrx_word' id='word_1_249' title='bbox 841 1720 1042 1805; x_wconf 72' lang='grc' dir='ltr'>Ρ1ον05</span> <span class='ocrx_word' id='word_1_250' title='bbox 1073 1727 1316 1775; x_wconf 80' lang='lat' dir='ltr'>lectiones</span> <span class='ocrx_word' id='word_1_251' title='bbox 1344 1737 1561 1785; x_wconf 75' lang='lat' dir='ltr'>secutos,</span> <span class='ocrx_word' id='word_1_252' title='bbox 1610 1738 1661 1774; x_wconf 91' lang='lat' dir='ltr'>et</span> <span class='ocrx_word' id='word_1_253' title='bbox 1680 1729 1844 1789; x_wconf 87' lang='lat' dir='ltr'>ipsam</span> <span class='ocrx_word' id='word_1_254' title='bbox 1861 1728 2016 1776; x_wconf 88' lang='lat' dir='ltr'>illam,</span> <span class='ocrx_word' id='word_1_255' title='bbox 2056 1742 2211 1786; x_wconf 90' lang='lat' dir='ltr'>quam</span> <span class='ocrx_word' id='word_1_256' title='bbox 2236 1727 2311 1772; x_wconf 86' lang='lat' dir='ltr'>fe-</span> 
     </span>
     <span class='ocr_line' id='line_1_25' title="bbox 129 1787 2308 1870; baseline 0.004 -36"><span class='ocrx_word' id='word_1_257' title='bbox 129 1792 134 1795; x_wconf 81' lang='grc'><strong>’</strong></span> <span class='ocrx_word' id='word_1_258' title='bbox 183 1799 332 1848; x_wconf 84' lang='lat' dir='ltr'>runt,</span> <span class='ocrx_word' id='word_1_259' title='bbox 370 1790 691 1846; x_wconf 78' lang='grc' dir='ltr'><em>ὑπουράνιον</em></span> <span class='ocrx_word' id='word_1_260' title='bbox 706 1793 898 1850; x_wconf 70' lang='grc' dir='ltr'><em>άψὶᾇα</em></span> <span class='ocrx_word' id='word_1_261' title='bbox 883 1795 1533 1870; x_wconf 79' lang='lat' dir='ltr'>1nspiciamus.He1-mias</span> <span class='ocrx_word' id='word_1_262' title='bbox 1553 1796 1849 1844; x_wconf 88' lang='lat' dir='ltr'>interiorem</span> <span class='ocrx_word' id='word_1_263' title='bbox 1871 1805 2072 1864; x_wconf 82' lang='lat' dir='ltr'>partem</span> <span class='ocrx_word' id='word_1_264' title='bbox 2098 1787 2308 1842; x_wconf 80' lang='lat' dir='ltr'>fornicis</span> 
     </span>
     <span class='ocr_line' id='line_1_26' title="bbox 178 1857 2305 1927; baseline 0.003 -25"><span class='ocrx_word' id='word_1_265' title='bbox 178 1858 443 1919; x_wconf 82' lang='lat' dir='ltr'>coelestis,</span> <span class='ocrx_word' id='word_1_266' title='bbox 488 1862 548 1904; x_wconf 92' lang='grc' dir='ltr'><em>το</em></span> <span class='ocrx_word' id='word_1_267' title='bbox 584 1864 785 1915; x_wconf 79' lang='grc' dir='ltr'><em>κοιλον,</em></span> <span class='ocrx_word' id='word_1_268' title='bbox 829 1857 1210 1925; x_wconf 68' lang='lat' dir='ltr'>interpretatur.</span> <span class='ocrx_word' id='word_1_269' title='bbox 1272 1864 1480 1927; x_wconf 79' lang='lat' dir='ltr'>.Quod,</span> <span class='ocrx_word' id='word_1_270' title='bbox 1526 1868 1585 1910; x_wconf 82' lang='lat' dir='ltr'>ut</span> <span class='ocrx_word' id='word_1_271' title='bbox 1615 1880 1709 1926; x_wconf 85' lang='lat' dir='ltr'>per</span> <span class='ocrx_word' id='word_1_272' title='bbox 1738 1881 1791 1911; x_wconf 89' lang='grc'>50</span> <span class='ocrx_word' id='word_1_273' title='bbox 1823 1880 1930 1920; x_wconf 86' lang='grc'>11011</span> <span class='ocrx_word' id='word_1_274' title='bbox 1958 1866 2193 1926; x_wconf 85' lang='lat' dir='ltr'>ineptum</span> <span class='ocrx_word' id='word_1_275' title='bbox 2225 1865 2305 1925; x_wconf 82' lang='lat' dir='ltr'>sit,</span> 
     </span>
     <span class='ocr_line' id='line_1_27' title="bbox 196 1923 2307 1993; baseline 0.004 -25"><span class='ocrx_word' id='word_1_276' title='bbox 196 1923 333 1972; x_wconf 81' lang='lat' dir='ltr'>certe</span> <span class='ocrx_word' id='word_1_277' title='bbox 349 1942 471 1976; x_wconf 83' lang='lat' dir='ltr'>usus</span> <span class='ocrx_word' id='word_1_278' title='bbox 492 1929 698 1990; x_wconf 84' lang='lat' dir='ltr'>linguae</span> <span class='ocrx_word' id='word_1_279' title='bbox 720 1941 856 1976; x_wconf 87' lang='lat' dir='ltr'>vetat</span> <span class='ocrx_word' id='word_1_280' title='bbox 889 1933 1063 1993; x_wconf 83' lang='lat' dir='ltr'>accipi.</span> <span class='ocrx_word' id='word_1_281' title='bbox 1135 1933 1266 1979; x_wconf 86' lang='lat' dir='ltr'>Nam</span> <span class='ocrx_word' id='word_1_282' title='bbox 1299 1931 1620 1986; x_wconf 82' lang='grc' dir='ltr'><em>ὑπουράνιον</em></span> <span class='ocrx_word' id='word_1_283' title='bbox 1650 1944 1726 1980; x_wconf 88' lang='lat' dir='ltr'>est</span> <span class='ocrx_word' id='word_1_284' title='bbox 1759 1935 1853 1980; x_wconf 90' lang='lat' dir='ltr'>sub</span> <span class='ocrx_word' id='word_1_285' title='bbox 1889 1934 2031 1980; x_wconf 91' lang='lat' dir='ltr'>coelo</span> <span class='ocrx_word' id='word_1_286' title='bbox 2064 1935 2307 1993; x_wconf 87' lang='lat' dir='ltr'>positum,</span> 
     </span>
     <span class='ocr_line' id='line_1_28' title="bbox 191 1991 2306 2075; baseline 0.004 -37"><span class='ocrx_word' id='word_1_287' title='bbox 191 1991 263 2040; x_wconf 88' lang='lat' dir='ltr'>ita</span> <span class='ocrx_word' id='word_1_288' title='bbox 294 2005 353 2041; x_wconf 91' lang='lat' dir='ltr'>ut</span> <span class='ocrx_word' id='word_1_289' title='bbox 381 2009 533 2075; x_wconf 82' lang='lat' dir='ltr'>supra</span> <span class='ocrx_word' id='word_1_290' title='bbox 563 2012 616 2043; x_wconf 90' lang='lat' dir='ltr'>se</span> <span class='ocrx_word' id='word_1_291' title='bbox 645 1997 832 2044; x_wconf 86' lang='lat' dir='ltr'>habeat</span> <span class='ocrx_word' id='word_1_292' title='bbox 859 2000 1086 2059; x_wconf 85' lang='lat' dir='ltr'>coelum,</span> <span class='ocrx_word' id='word_1_293' title='bbox 1132 2015 1239 2048; x_wconf 88' lang='grc'>11011</span> <span class='ocrx_word' id='word_1_294' title='bbox 1269 2002 1437 2063; x_wconf 85' lang='lat' dir='ltr'>ipsum</span> <span class='ocrx_word' id='word_1_295' title='bbox 1473 2016 1588 2062; x_wconf 89' lang='lat' dir='ltr'>pars</span> <span class='ocrx_word' id='word_1_296' title='bbox 1622 2002 1753 2047; x_wconf 91' lang='lat' dir='ltr'>coeli</span> <span class='ocrx_word' id='word_1_297' title='bbox 1787 2001 1864 2048; x_wconf 92' lang='lat' dir='ltr'>sit.</span> <span class='ocrx_word' id='word_1_298' title='bbox 1953 2001 2033 2047; x_wconf 88' lang='lat' dir='ltr'>Sic</span> <span class='ocrx_word' id='word_1_299' title='bbox 2061 2002 2306 2048; x_wconf 64' lang='lat' dir='ltr'>Homerus</span> 
     </span>
     <span class='ocr_line' id='line_1_29' title="bbox 187 2057 2306 2130; baseline 0.004 -26.043"><span class='ocrx_word' id='word_1_300' title='bbox 187 2057 519 2118; x_wconf 79' lang='grc' dir='ltr'><em>υπουράνιόν</em></span> <span class='ocrx_word' id='word_1_301' title='bbox 543 2065 686 2110; x_wconf 75' lang='grc' dir='ltr'><em>κλέος</em></span> <span class='ocrx_word' id='word_1_302' title='bbox 718 2065 844 2113; x_wconf 85' lang='lat' dir='ltr'>dixit</span> <span class='ocrx_word' id='word_1_303' title='bbox 862 2069 914 2114; x_wconf 84' lang='lat' dir='ltr'>et</span> <span class='ocrx_word' id='word_1_304' title='bbox 942 2067 1234 2124; x_wconf 84' lang='grc' dir='ltr'><em>ὑπουράνια</em></span> <span class='ocrx_word' id='word_1_305' title='bbox 1253 2070 1482 2125; x_wconf 76' lang='grc' dir='ltr'><em>πετεηνά.</em></span> <span class='ocrx_word' id='word_1_306' title='bbox 1551 2072 1733 2130; x_wconf 89' lang='lat' dir='ltr'>Neque</span> <span class='ocrx_word' id='word_1_307' title='bbox 1765 2069 1918 2116; x_wconf 89' lang='lat' dir='ltr'>obiici</span> <span class='ocrx_word' id='word_1_308' title='bbox 1945 2080 2128 2130; x_wconf 87' lang='lat' dir='ltr'>potest,</span> <span class='ocrx_word' id='word_1_309' title='bbox 2166 2067 2306 2130; x_wconf 83' lang='lat' dir='ltr'>quod</span> 
     </span>
     <span class='ocr_line' id='line_1_30' title="bbox 195 2130 2309 2214; baseline 0.004 -39"><span class='ocrx_word' id='word_1_310' title='bbox 195 2130 332 2177; x_wconf 89' lang='lat' dir='ltr'>idem</span> <span class='ocrx_word' id='word_1_311' title='bbox 355 2133 562 2181; x_wconf 77' lang='lat' dir='ltr'>Titanes</span> <span class='ocrx_word' id='word_1_312' title='bbox 593 2134 1005 2194; x_wconf 70' lang='grc' dir='ltr'><em>ὑποταρταρίους</em></span> <span class='ocrx_word' id='word_1_313' title='bbox 1029 2139 1288 2205; x_wconf 83' lang='lat' dir='ltr'>appellat,</span> <span class='ocrx_word' id='word_1_314' title='bbox 1287 2139 1505 2186; x_wconf 88' lang='lat' dir='ltr'>etiamsi</span> <span class='ocrx_word' id='word_1_315' title='bbox 1537 2139 1593 2185; x_wconf 90' lang='lat' dir='ltr'>in</span> <span class='ocrx_word' id='word_1_316' title='bbox 1619 2138 1943 2186; x_wconf 79' lang='lat' dir='ltr'>inferioribus</span> <span class='ocrx_word' id='word_1_317' title='bbox 1967 2138 2167 2185; x_wconf 86' lang='lat' dir='ltr'>Tartari</span> <span class='ocrx_word' id='word_1_318' title='bbox 2195 2153 2309 2214; x_wconf 68' lang='lat' dir='ltr'>par·</span> 
     </span>
     <span class='ocr_line' id='line_1_31' title="bbox 193 2200 2305 2268; baseline 0.003 -23"><span class='ocrx_word' id='word_1_319' title='bbox 193 2200 333 2247; x_wconf 88' lang='lat' dir='ltr'>tibus</span> <span class='ocrx_word' id='word_1_320' title='bbox 347 2203 522 2262; x_wconf 80' lang='lat' dir='ltr'>potius</span> <span class='ocrx_word' id='word_1_321' title='bbox 544 2206 699 2264; x_wconf 67' lang='lat' dir='ltr'>quam</span> <span class='ocrx_word' id='word_1_322' title='bbox 720 2206 815 2251; x_wconf 89' lang='lat' dir='ltr'>sub</span> <span class='ocrx_word' id='word_1_323' title='bbox 835 2201 1054 2254; x_wconf 78' lang='lat' dir='ltr'>Tartaro</span> <span class='ocrx_word' id='word_1_324' title='bbox 1080 2208 1301 2255; x_wconf 88' lang='lat' dir='ltr'>iacentes</span> <span class='ocrx_word' id='word_1_325' title='bbox 1331 2223 1439 2255; x_wconf 86' lang='lat' dir='ltr'>esse</span> <span class='ocrx_word' id='word_1_326' title='bbox 1470 2207 1751 2255; x_wconf 77' lang='lat' dir='ltr'>videantur.</span> <span class='ocrx_word' id='word_1_327' title='bbox 1832 2209 1962 2255; x_wconf 85' lang='lat' dir='ltr'>Nam</span> <span class='ocrx_word' id='word_1_328' title='bbox 1984 2207 2083 2268; x_wconf 87' lang='lat' dir='ltr'>qui</span> <span class='ocrx_word' id='word_1_329' title='bbox 2113 2207 2169 2254; x_wconf 84' lang='lat' dir='ltr'>in</span> <span class='ocrx_word' id='word_1_330' title='bbox 2198 2207 2305 2254; x_wconf 84' lang='lat' dir='ltr'>imo</span> 
     </span>
     <span class='ocr_line' id='line_1_32' title="bbox 178 2270 2309 2353; baseline 0.003 -37"><span class='ocrx_word' id='word_1_331' title='bbox 178 2270 409 2320; x_wconf 81' lang='lat' dir='ltr'>&#39;Tartaro</span> <span class='ocrx_word' id='word_1_332' title='bbox 431 2271 578 2330; x_wconf 81' lang='lat' dir='ltr'>iacet,</span> <span class='ocrx_word' id='word_1_333' title='bbox 617 2283 753 2319; x_wconf 88' lang='lat' dir='ltr'>recte</span> <span class='ocrx_word' id='word_1_334' title='bbox 773 2275 866 2320; x_wconf 87' lang='lat' dir='ltr'>sub</span> <span class='ocrx_word' id='word_1_335' title='bbox 886 2277 1097 2324; x_wconf 86' lang='lat' dir='ltr'>Tartaro</span> <span class='ocrx_word' id='word_1_336' title='bbox 1127 2276 1342 2322; x_wconf 83' lang='lat' dir='ltr'>dicitur</span> <span class='ocrx_word' id='word_1_337' title='bbox 1328 2292 1520 2332; x_wconf 84' lang='lat' dir='ltr'>iacere,</span> <span class='ocrx_word' id='word_1_338' title='bbox 1549 2276 1737 2353; x_wconf 66' lang='lat' dir='ltr'>quippe</span> <span class='ocrx_word' id='word_1_339' title='bbox 1769 2290 1924 2335; x_wconf 87' lang='lat' dir='ltr'>quem</span> <span class='ocrx_word' id='word_1_340' title='bbox 1946 2284 2111 2336; x_wconf 78' lang='lat' dir='ltr'>super</span> <span class='ocrx_word' id='word_1_341' title='bbox 2130 2277 2309 2325; x_wconf 78' lang='lat' dir='ltr'>Tarta-</span> 
     </span>
     <span class='ocr_line' id='line_1_33' title="bbox 191 2339 2314 2415; baseline 0.003 -31"><span class='ocrx_word' id='word_1_342' title='bbox 191 2344 294 2396; x_wconf 64' lang='lat' dir='ltr'>riis</span> <span class='ocrx_word' id='word_1_343' title='bbox 301 2339 406 2398; x_wconf 87' lang='lat' dir='ltr'>sit,</span> <span class='ocrx_word' id='word_1_344' title='bbox 410 2341 550 2390; x_wconf 84' lang='lat' dir='ltr'>sicut</span> <span class='ocrx_word' id='word_1_345' title='bbox 569 2339 767 2399; x_wconf 70' lang='grc' dir='ltr'><em>ὕφαλος</em></span> <span class='ocrx_word' id='word_1_346' title='bbox 792 2353 871 2389; x_wconf 85' lang='lat' dir='ltr'>est</span> <span class='ocrx_word' id='word_1_347' title='bbox 898 2344 988 2404; x_wconf 86' lang='lat' dir='ltr'>qui</span> <span class='ocrx_word' id='word_1_348' title='bbox 1011 2359 1163 2415; x_wconf 84' lang='lat' dir='ltr'>supra</span> <span class='ocrx_word' id='word_1_349' title='bbox 1192 2362 1246 2392; x_wconf 83' lang='lat' dir='ltr'>se</span> <span class='ocrx_word' id='word_1_350' title='bbox 1273 2361 1412 2391; x_wconf 81' lang='lat' dir='ltr'>mare</span> <span class='ocrx_word' id='word_1_351' title='bbox 1441 2345 1613 2400; x_wconf 89' lang='lat' dir='ltr'>habet,</span> <span class='ocrx_word' id='word_1_352' title='bbox 1650 2345 1753 2390; x_wconf 83' lang='lat' dir='ltr'>sive</span> <span class='ocrx_word' id='word_1_353' title='bbox 1783 2353 1953 2390; x_wconf 88' lang='lat' dir='ltr'>totum</span> <span class='ocrx_word' id='word_1_354' title='bbox 1976 2344 2081 2390; x_wconf 88' lang='lat' dir='ltr'>sive</span> <span class='ocrx_word' id='word_1_355' title='bbox 2111 2353 2314 2405; x_wconf 75' lang='lat' dir='ltr'>partem</span> 
     </span>
     <span class='ocr_line' id='line_1_34' title="bbox 167 2408 2309 2474; baseline 0.007 -22"><span class='ocrx_word' id='word_1_356' title='bbox 167 2408 343 2467; x_wconf 77' lang='lat' dir='ltr'>·ei·us,·</span> <span class='ocrx_word' id='word_1_357' title='bbox 359 2410 694 2470; x_wconf 79' lang='lat' dir='ltr'>superficiem.</span> <span class='ocrx_word' id='word_1_358' title='bbox 767 2412 936 2460; x_wconf 87' lang='lat' dir='ltr'>Etiam</span> <span class='ocrx_word' id='word_1_359' title='bbox 953 2410 1113 2467; x_wconf 61' lang='grc' dir='ltr'><em>ἆςρον</em></span> <span class='ocrx_word' id='word_1_360' title='bbox 1141 2415 1211 2461; x_wconf 80' lang='lat' dir='ltr'>sic</span> <span class='ocrx_word' id='word_1_361' title='bbox 1235 2413 1333 2460; x_wconf 87' lang='lat' dir='ltr'>dici</span> <span class='ocrx_word' id='word_1_362' title='bbox 1354 2415 1523 2474; x_wconf 82' lang='lat' dir='ltr'>posset</span> <span class='ocrx_word' id='word_1_363' title='bbox 1543 2409 1875 2467; x_wconf 66' lang='lat' dir='ltr'>v‘novpoirwv&#39;,</span> <span class='ocrx_word' id='word_1_364' title='bbox 1914 2412 2052 2473; x_wconf 79' lang='lat' dir='ltr'>quod</span> <span class='ocrx_word' id='word_1_365' title='bbox 2073 2413 2309 2472; x_wconf 74' lang='lat' dir='ltr'>quamvis</span> 
     </span>
     <span class='ocr_line' id='line_1_35' title="bbox 169 2474 2383 2544; baseline 0.003 -23"><span class='ocrx_word' id='word_1_366' title='bbox 169 2482 171 2485; x_wconf 57' lang='lat'><em>⁴</em></span> <span class='ocrx_word' id='word_1_367' title='bbox 195 2474 404 2524; x_wconf 80' lang='lat' dir='ltr'>affixum</span> <span class='ocrx_word' id='word_1_368' title='bbox 425 2479 567 2525; x_wconf 90' lang='lat' dir='ltr'>coelo</span> <span class='ocrx_word' id='word_1_369' title='bbox 587 2480 858 2543; x_wconf 80' lang='lat' dir='ltr'>cogitetur,</span> <span class='ocrx_word' id='word_1_370' title='bbox 894 2492 1065 2529; x_wconf 85' lang='lat' dir='ltr'>tamen</span> <span class='ocrx_word' id='word_1_371' title='bbox 1083 2498 1189 2529; x_wconf 86' lang='lat' dir='ltr'>non</span> <span class='ocrx_word' id='word_1_372' title='bbox 1207 2498 1321 2544; x_wconf 86' lang='lat' dir='ltr'>pars</span> <span class='ocrx_word' id='word_1_373' title='bbox 1335 2492 1428 2529; x_wconf 56' lang='lat' dir='ltr'>‘est</span> <span class='ocrx_word' id='word_1_374' title='bbox 1449 2482 1593 2538; x_wconf 87' lang='lat' dir='ltr'>coeli,</span> <span class='ocrx_word' id='word_1_375' title='bbox 1632 2480 1719 2528; x_wconf 92' lang='lat' dir='ltr'>sed</span> <span class='ocrx_word' id='word_1_376' title='bbox 1750 2481 1978 2528; x_wconf 88' lang='lat' dir='ltr'>subiacet</span> <span class='ocrx_word' id='word_1_377' title='bbox 2007 2481 2169 2532; x_wconf 89' lang='grc'>00010.</span> <span class='ocrx_word' id='word_1_378' title='bbox 2242 2483 2309 2528; x_wconf 77' lang='lat' dir='ltr'>At</span> <span class='ocrx_word' id='word_1_379' title='bbox 2381 2499 2383 2501; x_wconf 50' lang='lat'><strong><em>¹</em></strong></span> 
     </span>
     <span class='ocr_line' id='line_1_36' title="bbox 171 2542 2312 2612; baseline 0.001 -16"><span class='ocrx_word' id='word_1_380' title='bbox 171 2542 312 2596; x_wconf 63' lang='lat' dir='ltr'>&#39;⁰⁹¹1’ss</span> <span class='ocrx_word' id='word_1_381' title='bbox 336 2546 467 2604; x_wconf 72' lang='lat' dir='ltr'>quid</span> <span class='ocrx_word' id='word_1_382' title='bbox 509 2558 587 2594; x_wconf 87' lang='lat' dir='ltr'>est</span> <span class='ocrx_word' id='word_1_383' title='bbox 624 2548 793 2599; x_wconf 81' lang='lat' dir='ltr'>aliud</span> <span class='ocrx_word' id='word_1_384' title='bbox 808 2564 964 2611; x_wconf 88' lang='lat' dir='ltr'>quam</span> <span class='ocrx_word' id='word_1_385' title='bbox 1000 2552 1205 2599; x_wconf 82' lang='lat' dir='ltr'>coelum</span> <span class='ocrx_word' id='word_1_386' title='bbox 1236 2552 1402 2612; x_wconf 85' lang='lat' dir='ltr'>ipsum</span> <span class='ocrx_word' id='word_1_387' title='bbox 1443 2550 1648 2596; x_wconf 85' lang='lat' dir='ltr'>fornicis</span> <span class='ocrx_word' id='word_1_388' title='bbox 1679 2550 1734 2596; x_wconf 88' lang='lat' dir='ltr'>in</span> <span class='ocrx_word' id='word_1_389' title='bbox 1761 2549 1978 2602; x_wconf 81' lang='lat' dir='ltr'>modum</span> <span class='ocrx_word' id='word_1_390' title='bbox 2010 2549 2312 2602; x_wconf 80' lang='lat' dir='ltr'>curvatum?</span> 
     </span>
     <span class='ocr_line' id='line_1_37' title="bbox 168 2613 2315 2682; baseline 0.003 -23"><span class='ocrx_word' id='word_1_391' title='bbox 168 2626 326 2674; x_wconf 81' lang='lat' dir='ltr'>-quae</span> <span class='ocrx_word' id='word_1_392' title='bbox 351 2613 394 2658; x_wconf 79' lang='lat' dir='ltr'>si</span> <span class='ocrx_word' id='word_1_393' title='bbox 421 2613 734 2679; x_wconf 75' lang='grc' dir='ltr'><em>ὑπουράνιος</em></span> <span class='ocrx_word' id='word_1_394' title='bbox 762 2618 962 2678; x_wconf 83' lang='lat' dir='ltr'>dicitur,</span> <span class='ocrx_word' id='word_1_395' title='bbox 999 2619 1192 2667; x_wconf 79' lang='lat' dir='ltr'>diversa</span> <span class='ocrx_word' id='word_1_396' title='bbox 1219 2636 1247 2666; x_wconf 91' lang='lat' dir='ltr'>a</span> <span class='ocrx_word' id='word_1_397' title='bbox 1277 2620 1418 2666; x_wconf 90' lang='lat' dir='ltr'>coelo</span> <span class='ocrx_word' id='word_1_398' title='bbox 1441 2635 1546 2677; x_wconf 88' lang='grc'>0550</span> <span class='ocrx_word' id='word_1_399' title='bbox 1573 2618 1906 2682; x_wconf 80' lang='lat' dir='ltr'>significatur,</span> <span class='ocrx_word' id='word_1_400' title='bbox 1947 2630 1998 2665; x_wconf 88' lang='lat' dir='ltr'>et</span> <span class='ocrx_word' id='word_1_401' title='bbox 2017 2634 2178 2666; x_wconf 84' lang='lat' dir='ltr'>novus</span> <span class='ocrx_word' id='word_1_402' title='bbox 2188 2619 2315 2680; x_wconf 85' lang='lat' dir='ltr'>qui-</span> 
     </span>
     <span class='ocr_line' id='line_1_38' title="bbox 169 2676 2336 2753; baseline 0.004 -26"><span class='ocrx_word' id='word_1_403' title='bbox 169 2680 314 2729; x_wconf 57' lang='lat' dir='ltr'>»dam</span> <span class='ocrx_word' id='word_1_404' title='bbox 335 2684 555 2744; x_wconf 85' lang='lat' dir='ltr'>proponi</span> <span class='ocrx_word' id='word_1_405' title='bbox 576 2676 782 2744; x_wconf 73' lang='lat' dir='ltr'>videtur</span> <span class='ocrx_word' id='word_1_406' title='bbox 809 2687 1009 2735; x_wconf 82' lang='lat' dir='ltr'>fornix</span> <span class='ocrx_word' id='word_1_407' title='bbox 995 2698 1050 2736; x_wconf 78' lang='lat' dir='ltr'>in</span> <span class='ocrx_word' id='word_1_408' title='bbox 1072 2706 1129 2737; x_wconf 86' lang='lat' dir='ltr'>ea</span> <span class='ocrx_word' id='word_1_409' title='bbox 1160 2690 1368 2753; x_wconf 84' lang='lat' dir='ltr'>regione</span> <span class='ocrx_word' id='word_1_410' title='bbox 1396 2688 1607 2750; x_wconf 85' lang='lat' dir='ltr'>positus,</span> <span class='ocrx_word' id='word_1_411' title='bbox 1645 2703 1775 2750; x_wconf 86' lang='lat' dir='ltr'>quae</span> <span class='ocrx_word' id='word_1_412' title='bbox 1799 2688 2018 2738; x_wconf 85' lang='lat' dir='ltr'>indicata</span> <span class='ocrx_word' id='word_1_413' title='bbox 2048 2698 2124 2735; x_wconf 89' lang='lat' dir='ltr'>est</span> <span class='ocrx_word' id='word_1_414' title='bbox 2145 2687 2312 2738; x_wconf 83' lang='lat' dir='ltr'>verbis</span> <span class='ocrx_word' id='word_1_415' title='bbox 2334 2725 2336 2730; x_wconf 93' lang='lat'><em>.</em></span> 
     </span>
     <span class='ocr_line' id='line_1_39' title="bbox 164 2748 2316 2846; baseline -0.002 -38"><span class='ocrx_word' id='word_1_416' title='bbox 164 2748 286 2794; x_wconf 52' lang='lat'>¹³&amp;</span> <span class='ocrx_word' id='word_1_417' title='bbox 282 2750 451 2801; x_wconf 55' lang='grc' dir='ltr'>θῐθῐ</span> <span class='ocrx_word' id='word_1_418' title='bbox 456 2750 723 2809; x_wconf 58' lang='lat'>035901‘023·</span> <span class='ocrx_word' id='word_1_419' title='bbox 738 2756 924 2821; x_wconf 75' lang='lat' dir='ltr'>idque</span> <span class='ocrx_word' id='word_1_420' title='bbox 917 2774 979 2807; x_wconf 88' lang='lat' dir='ltr'>eo</span> <span class='ocrx_word' id='word_1_421' title='bbox 1007 2760 1177 2846; x_wconf 78' lang='grc'>1110315</span> <span class='ocrx_word' id='word_1_422' title='bbox 1189 2758 1349 2809; x_wconf 64' lang='lat' dir='ltr'>videri</span> <span class='ocrx_word' id='word_1_423' title='bbox 1366 2773 1571 2807; x_wconf 85' lang='lat' dir='ltr'>necesse</span> <span class='ocrx_word' id='word_1_424' title='bbox 1599 2768 1694 2821; x_wconf 79' lang='lat' dir='ltr'>est,</span> <span class='ocrx_word' id='word_1_425' title='bbox 1733 2758 1873 2823; x_wconf 84' lang='lat' dir='ltr'>quod</span> <span class='ocrx_word' id='word_1_426' title='bbox 1902 2760 1958 2806; x_wconf 87' lang='lat' dir='ltr'>in</span> <span class='ocrx_word' id='word_1_427' title='bbox 1986 2757 2316 2825; x_wconf 76' lang='lat' dir='ltr'>sequentibus</span> 
     </span>
     <span class='ocr_line' id='line_1_40' title="bbox 1832 2841 1863 2878; baseline 0 0"><span class='ocrx_word' id='word_1_428' title='bbox 1832 2841 1863 2878; x_wconf 82' lang='lat'>2</span> 
     </span>
    </p>
   </div>
   <div class='ocr_carea' id='block_1_5' title="bbox 2357 0 2559 3225">
    <p class='ocr_par' dir='ltr' id='par_1_5' title="bbox 2357 0 2559 3225">
     <span class='ocr_line' id='line_1_41' title="bbox 2357 0 2559 3225; baseline 0 0"><span class='ocrx_word' id='word_1_429' title='bbox 2357 0 2559 3225; x_wconf 95' lang='lat' dir='ltr'> </span> 
     </span>
    </p>
   </div>
  </div>
 </body>
</html>
